@phdthesis{disspfl,
   Author = {Pflüger, D.},
   Title = {Spatially Adaptive Sparse Grids for High-Dimensional Problems},
   Year = {2010},
   school = {Technische Universität München}
}

@phdthesis{disshei,
   Author = {Heinecke, A.},
   Title = {Boosting Scientific Computing Applications through Leveraging Data Parallel Architectures},
   Year = {2013},
   school = {Technische Universität München}
}

@phdthesis{disspeh,
   Author = {Peherstorfer, B.},
   Title = {Model Order Reduction of Parametrized Systems with Sparse Grid Learning Techniques},
   Year = {2013},
   school = {Technische Universität München}
}

@article{artbunlong,
   Author = {Bungartz, H. and Griebel, M.},
   Title = {Sparse grids},
   Journal = {Acta Numerica},
   Pages = {1-43},
 Year = {2004}
}

@article{artbunshort,
   Author = {Bungartz, H. and Pflüger, D. and Zimmer, S.},
   Title = {Adaptive Sparse Grid Techniques for Data Mining},
   Journal = {Modelling, Simulation and Optimization of Complex Processes},
 Year = {2006}
}